@article{eksempel1,
author = {Austin Bradford Hill},
title = {The Environment and Disease: Association or Causation?},
journal = {Proceedings of the Royal Society of Medicine},
volume = {58},
number = {5},
pages = {295-300},
year = {1965},
doi = {10.1177/003591576505800503},
URL = {https://doi.org/10.1177/003591576505800503},
}

@article{eksempel2,
author = {Armitage, P and Doll, R},
title = "{The age distribution of cancer and a multi-stage theory of carcinogenosis}",
journal = {International Journal of Epidemiology},
volume = {33},
number = {6},
pages = {1174-1179},
year = {2004},
doi = {10.1093/ije/dyh216},
url = {https://doi.org/10.1093/ije/dyh216},
}